@MISC{SEIA,
    publisher = {Alternative Energy Magazine},
    author = {{Gavop Group}},
    title = {California Leads Nation in Residential Solar Installation Rates, Overall Homes and Total Capacity},
    year = {2019},
    url = {https://www.altenergymag.com/article/2019/04/california-leads-nation-in-residential-solar-installation-rates-overall-homes-and-total-capacity/30812/}
}

@MISC{socalreport,
    publisher = {US BUREAU OF LABOR STATISTIC},
    author = {{Western Information Office}},
    title = {Average Energy Prices, Los Angeles-Long Beach-Anaheim 2023},
    year = {2023},
    url = {https://www.bls.gov/regions/west/news-release/averageenergyprices_losangeles.htm}
}


@online{corperatefinance,
    publisher = {{CFI Team}},
    author = {{CFI Team}},
    title = {What is the Crossover Rate?},
    year = {2023},
    url = {https://corporatefinanceinstitute.com/resources/valuation/crossover-rate/}
}

@online{IRS,
    author = {IRS},
    title = {What Method Can You Use To Depreciate Your Property?},
    year = {2023},
    url = {https://corporatefinanceinstitute.com/resources/valuation/crossover-rate/}
}

@online{365financialanalyst,
    publisher = {365 Financial Analyst},
    author = {Ivan Kitov},
    title = {NPV vs IRR},
    date = 2023,
    month = April,
    day = 14,
    url = {https://365financialanalyst.com/knowledge-hub/corporate-finance/npv-vs-irr/}
}

@online{net-metering,
    publisher = {SCE},
    title = {Net Surplus Compensation},
    date = {2023},
    url = {https://www.sce.com/regulatory/tariff-books/rates-pricing-choices/net-surplus-compensation}
}

@online{market-price,
    author = {{California ISO}},
    title = {Market Price Map},
    date = {2023},
    url = {http://www.caiso.com/pricemap/Pages/default.aspx}
}

@online{scap-value,
    author = {{scrapmonster}},
    title = {Lithium-ion battery scrap},
    date = {2023},
    url = {https://www.scrapmonster.com/scrap-yard/price/lithium-ion-battery-scrap/122}
}





